<?xml version="1.0" encoding="UTF-8"?><collection xmlns="http://www.loc.gov/MARC21/slim"><record><leader>00590nam--2200205-u-4500</leader><controlfield tag="001">000053045</controlfield><controlfield tag="002">20161230</controlfield><controlfield tag="005">20161230201050</controlfield><controlfield tag="008">110103s1000------------r-----000-0-eng-d</controlfield><datafield ind1=" " ind2=" " tag="020"><subfield code="a">39080440730</subfield></datafield><datafield ind1=" " ind2=" " tag="040"><subfield code="a">IFIN-HH</subfield></datafield><datafield ind1=" " ind2=" " tag="080"><subfield code="a">538.945:538.95</subfield></datafield><datafield ind1="1" ind2=" " tag="100"><subfield code="a">Gupta, D</subfield></datafield><datafield ind1="1" ind2="0" tag="245"><subfield code="a">Atomic migration and defects in materials</subfield><subfield code="c">D. GUPTA; H. JAIN; R.W. SIEGEL (Eds.)</subfield></datafield><datafield ind1=" " ind2=" " tag="260"><subfield code="a">Brookfield</subfield><subfield code="b">Sci-tech Publication Ltd</subfield><subfield code="c">1991</subfield></datafield><datafield ind1=" " ind2=" " tag="300"><subfield code="a">238P</subfield></datafield><datafield ind1=" " ind2=" " tag="490"><subfield code="a">Volulme 75 Of Defect And Diffusion Forum</subfield></datafield><datafield ind1="1" ind2=" " tag="700"><subfield code="a">Siegel, R.W</subfield><subfield code="e">Ed</subfield></datafield><datafield ind1=" " ind2=" " tag="852"><subfield code="a">80971</subfield><subfield code="c">538.9</subfield></datafield><datafield ind1=" " ind2=" " tag="CAT"><subfield code="a">Sys</subfield><subfield code="c">20110103</subfield><subfield code="h">155656</subfield></datafield></record></collection>